%% Created using Papers on Thu, 03 Jun 2021.
%% http://papersapp.com/papers/

@article{Freund:2007kx,
author = {Freund, Jonathan B},
title = {{Leukocyte margination in a model microvessel}},
journal = {Physics of Fluids},
year = {2007},
volume = {19},
pages = {023301},
month = feb
}

@article{Jackson:2007dh,
author = {Jackson, Shaun P},
title = {{The growing complexity of platelet aggregation}},
journal = {Blood},
year = {2007},
volume = {109},
number = {12},
pages = {5087--5095},
month = jun
}

@article{Frojmovic:1982wk,
author = {Frojmovic, Mony M and Milton, John G},
title = {{Human Platelet Size, Shape, and Related Functions in Health and Disease}},
journal = {Physiological Reviews},
year = {1982},
volume = {62},
number = {1},
pages = {185--261},
month = jan
}

@article{Farutin:2021da,
author = {Farutin, Alexander and Shen, Zaiyi and Prado, Gael and Audemar, Vassanti and Ez-Zahraouy, Hamid and Benyoussef, Abdelilah and Polack, Benoit and Harting, Jens and Vlahovska, Petia M and Podgorski, Thomas and Coupier, Gwennou and Misbah, Chaouqi},
title = {{Optimal cell transport in straight channels and networks}},
year = {2021},
pages = {1--19},
month = apr
}

@article{Griffith:2017id,
author = {Griffith, Boyce Eugene and Luo, Xiaoyu},
title = {{Hybrid finite difference/finite element immersed boundary method}},
journal = {International Journal for Numerical Methods in Biomedical Engineering},
year = {2017},
volume = {33},
pages = {e2888}
}

@article{Reeger:2015dy,
author = {Reeger, Jonah A and Fornberg, Bengt},
title = {{Numerical Quadrature over the Surface of a Sphere}},
journal = {Studies in Applied Mathematics},
year = {2015},
volume = {137},
number = {2},
pages = {174--188},
month = dec
}

@article{Omori:2012hw,
author = {Omori, Toshihiro and Ishikawa, T and Barth{\`e}s-Biesel, Dominique and Salsac, A V and Imai, Yohsuke and Yamaguchi, T},
title = {{Tension of red blood cell membrane in simple shear flow}},
journal = {Physical Review E},
year = {2012},
volume = {86},
number = {5},
pages = {056321--056329},
month = nov
}

@article{Peskin:2002go,
author = {Peskin, Charles Samuel},
title = {{The immersed boundary method}},
journal = {Acta Numerica},
year = {2002},
volume = {11},
pages = {479--517},
month = jan
}

@article{Iaccarino:2005ii,
author = {Mittal, Rajat and Iaccarino, Gianluca},
title = {{Immersed Boundary Methods}},
journal = {Annual Review of Fluid Mechanics},
year = {2005},
volume = {37},
number = {1},
pages = {239--261},
month = jan
}

@article{Welch:1965jv,
author = {Harlow, Francis H and Welch, J Eddie},
title = {{Numerical Calculation of Time-Dependent Viscous Incompressible Flow of Fluid with Free Surface}},
journal = {Physics of Fluids},
year = {1965},
volume = {8},
number = {12},
pages = {2182--2189}
}

@article{Evans:1976tx,
author = {Evans, Evan Anthony and Hochmuth, R M},
title = {{Membrane viscoelasticity}},
journal = {Biophysical Journal},
year = {1976},
volume = {16},
pages = {1--11}
}

@article{King:2005fv,
author = {Mody, Nipa A and King, Michael R},
title = {{Three-dimensional simulations of a platelet-shaped spheroid near a wall in shear flow}},
journal = {Physics of Fluids},
year = {2005},
volume = {17},
number = {11},
pages = {113302},
month = nov
}

@article{Caille:2002cd,
author = {Caille, Nathalie and Thoumine, Olivier and Tardy, Y and Meister, Jean-Jacques},
title = {{Contribution of the nucleus to the mechanical properties of endothelial cells}},
journal = {Journal of Biomechanics},
year = {2002},
volume = {35},
number = {2},
pages = {177--187}
}

@article{Zhao:2011do,
author = {Zhao, Hong and Shaqfeh, Eric S G},
title = {{Shear-induced platelet margination in a microchannel}},
journal = {Physical Review E},
year = {2011},
volume = {83},
number = {6},
pages = {061924},
month = jun
}

@article{Shankar:2013ki,
author = {Shankar, Varun and Wright, Grady B and Fogelson, Aaron Lee and Kirby, Robert M},
title = {{A study of different modeling choices for simulating platelets within the immersed boundary method}},
journal = {Applied Numerical Mathematics},
year = {2013},
volume = {63},
number = {C},
pages = {58--77},
month = jan
}

@article{Mehrabadi:2016fn,
author = {Mehrabadi, Marmar and Ku, David N and Aidun, Cyrus K},
title = {{Effects of shear rate, confinement, and particle parameters on margination in blood flow}},
journal = {Physical Review E},
year = {2016},
volume = {93},
number = {2},
pages = {455--11},
month = feb
}

@article{Pozrikidis:1998tx,
author = {Ramanujan, S and Pozrikidis, Constantine},
title = {{Deformation of liquid capsules enclosed by  elastic membranes in simple shear flow: large  deformations and the effect of fluid viscosities}},
journal = {Journal of Fluid Mechanics},
year = {1998},
volume = {361},
pages = {117--143}
}

@article{Zavodszky:iy,
author = {Zavodszky, G{\'a}bor and van Rooij, Britt and Azizi, Victor and Alowayyed, Saad and Hoekstra, Alfons},
title = {{Hemocell: a high-performance microscopic cellular library}},
journal = {Procedia Computer Science}
}

@article{Chung:2010tt,
author = {Chung, Chanil and Chang, Jun Keun and Min, Byoung Goo and Han, Dong Chul},
title = {{Streamlined Shape of Endothelial Cells}},
journal = {KSME International Journal},
year = {2010},
pages = {861--866},
month = mar
}

@article{Peskin:1977wza,
author = {Peskin, Charles Samuel},
title = {{Numerical Analysis of Blood Flow in the Heart}},
journal = {Journal of Computational Physics},
year = {1977},
volume = {25},
pages = {220--252}
}

@book{Fasshauer:2007ui,
author = {Fasshauer, Gregory E},
title = {{Meshfree Approximation Methods with MATLAB}},
publisher = {World Scientific},
year = {2007},
month = jan
}

@article{Adams:2003km,
author = {Adams, Mark F and Brezina, Marian and Hu, Jonathan and Tuminaro, Ray},
title = {{Parallel multigrid smoothing: polynomial versus Gauss{\textendash}Seidel}},
journal = {Journal of Computational Physics},
year = {2003},
volume = {188},
number = {2},
pages = {593--610},
month = jul
}

@article{Muller:2014is,
author = {M{\"u}ller, Kathrin and Fedosov, Dmitry A and Gompper, Gerhard},
title = {{Margination of micro- and nano-particles in blood flow and its effect on drug delivery}},
journal = {Scientific Reports},
year = {2014},
volume = {4},
pages = {4871},
month = may
}

@article{Larsson:2013ds,
author = {Larsson, Elisabeth and Lehto, Erik and Heryudono, Alfa and Fornberg, Bengt},
title = {{Stable Computation of Differentiation Matrices and Scattered Node Stencils Based on Gaussian Radial Basis Functions}},
journal = {SIAM Journal on Scientific Computing},
year = {2013},
volume = {35},
number = {4},
pages = {A2096--A2119},
month = jan
}

@phdthesis{Erickson:2010uzba,
author = {Erickson, Lindsay Crowl},
title = {{Blood Flow Dynamics: a Lattice Boltzmann Immersed Boundary Approach}},
school = {University of Utah},
year = {2010},
address = {Salt Lake City},
month = dec
}

@article{Pozrikidis:2003ft,
author = {Pozrikidis, Constantine},
title = {{Numerical Simulation of the Flow-Induced Deformation of Red Blood Cells}},
journal = {Annals of Biomedical Engineering},
year = {2003},
volume = {31},
pages = {1194--1205},
month = oct
}

@article{Brown:2001bq,
author = {Brown, David L and Cortez, Ricardo and Minion, Michael L},
title = {{Accurate Projection Methods for the Incompressible Navier{\textendash}Stokes Equations}},
journal = {Journal of Computational Physics},
year = {2001},
volume = {168},
number = {2},
pages = {464--499},
month = apr
}

@article{Morinishi:1998us,
author = {Morinishi, Y and Lund, T S and Vasilyev, O V and Moin, P},
title = {{Fully Conservative Higher Order Finite Difference Schemes for Incompressible Flow}},
journal = {Journal of Computational Physics},
year = {1998},
volume = {143},
pages = {90--124},
month = jun
}

@article{Erickson:2010ep,
author = {Erickson, Lindsay Crowl and Fogelson, Aaron Lee},
title = {{Computational model of whole blood exhibiting lateral platelet motion induced by red blood cells}},
journal = {International Journal for Numerical Methods in Biomedical Engineering},
year = {2010},
volume = {26},
number = {3-4},
pages = {471--487},
month = mar
}

@article{Maxian:2018ek,
author = {Maxian, Ondrej and Kassen, Andrew Timothy and Strychalski, Wanda},
title = {{A continuous energy-based immersed boundary method for elastic shells}},
journal = {Journal of Computational Physics},
year = {2018},
volume = {371},
pages = {333--362},
month = oct
}

@article{Ascher:1997tm,
author = {Ascher, Uri M and Ruuth, Steven J and Spiteri, Raymond J},
title = {{Implicit-explicit Runge-Kutta methods for time-dependent partial differential equations}},
journal = {Applied Numerical Mathematics},
year = {1997},
volume = {25},
pages = {151--167}
}

@article{Fahraeus:1931vf,
author = {F{\aa}hr{\ae}us, Robert Sanno and Lindqvist, Torsten},
title = {{The viscosity of the blood in narrow capillary tubes}},
journal = {The American Journal of Physiology},
year = {1931},
volume = {96},
pages = {562--568}
}

@book{Hwu:2012wx,
author = {Kirk, David B and Hwu, Wen-mei W},
title = {{Programming Massively Parallel Processors: A Hands-on Approach}},
publisher = {Elsevier Inc.},
year = {2012},
edition = {Second Edition}
}

@article{Haga:1998wa,
author = {Haga, Jason H and Beaudoin, Armand J and White, James G and Strony, John},
title = {{Quantification of the Passive Mechanical Properties of the Resting Platelet}},
journal = {Annals of Biomedical Engineering},
year = {1998},
volume = {26},
pages = {268--277},
month = jun
}

@article{Tkachenko:2013ie,
author = {Tkachenko, Eugene and Gutierrez, Edgar and Saikin, Semion K and Fogelstrand, Per and Kim, Chungho and Groisman, Alex and Ginsberg, Mark H},
title = {{The nucleus of endothelial cell as a sensor of blood flow direction}},
journal = {Biology Open},
year = {2013},
volume = {2},
number = {10},
pages = {1007--1012},
month = oct
}

@article{Shankar:2015km,
author = {Shankar, Varun and Wright, Grady B and Kirby, Robert M and Fogelson, Aaron Lee},
title = {{Augmenting the immersed boundary method with Radial Basis Functions (RBFs) for the modeling of platelets in hemodynamic flows}},
journal = {International Journal for Numerical Methods in Fluids},
year = {2015},
volume = {79},
number = {10},
pages = {536--557},
month = jul
}

@incollection{Griffith:2007uk,
author = {Griffith, Boyce Eugene and Hornung, Richard D and McQueen, David M and Peskin, Charles Samuel},
title = {{Parallel and Adaptive Simulation of Cardiac Fluid Dynamics}},
booktitle = {Advanced Computational Infrastructures for Parallel and Distributed Adaptive Applications},
year = {2010},
editor = {Parashar, Manish and Li, Xiaolin},
pages = {105--130},
publisher = {John Wiley {\&} Sons, Inc.},
address = {Hoboken, NJ, USA}
}

@article{Roma:1999tx,
author = {Roma, Alexandre Megiorin and Peskin, Charles Samuel and Berger, Marsha J},
title = {{An adaptive version of the immersed boundary method}},
journal = {Journal of Computational Physics},
year = {1999},
volume = {153},
pages = {509--534}
}

@article{Chen:1973ct,
author = {Chen, Bang-Yen},
title = {{On a Variational Problem on Hypersurfaces}},
journal = {Journal of the London Mathematical Society},
year = {1973},
volume = {s2-6},
number = {2},
pages = {321--325},
month = feb
}

@article{Gounley:2015ho,
author = {Gounley, John and Peng, Yan},
title = {{Computational Modeling of Membrane Viscosity of Red Blood Cells}},
journal = {Communications in Computational Physics},
year = {2015},
volume = {17},
number = {4},
pages = {1073--1087},
month = apr
}

@phdthesis{Patel:2012tc,
author = {Patel, Samir},
title = {{aeroCuda: The GPU-Optimized Immersed Solid Code}},
school = {Harvard},
year = {2012},
address = {Harvard University},
month = jun
}

@book{Wesseling:2001ci,
author = {Wesseling, Pieter},
title = {{Principles of Computational Fluid Dynamics}},
publisher = {Springer Berlin Heidelberg},
year = {2001},
volume = {29},
series = {Springer Series in Computational Mathematics},
address = {Berlin, Heidelberg}
}

@article{ValeroLara:2015gu,
author = {Valero-Lara, Pedro and Igual, Francisco D and Prieto-Mat{\'\i}as, Manuel and Pinelli, Alfredo and Favier, Julien},
title = {{Accelerating fluid{\textendash}solid simulations (Lattice-Boltzmann {\&} Immersed-Boundary) on heterogeneous architectures}},
journal = {Journal of Computational Science},
year = {2015},
volume = {10},
pages = {249--261},
month = sep
}

@book{Evans:1980vy,
author = {Evans, Evan Anthony and Skalak, Richard},
title = {{Mechanics and Thermodynamics of Biomembranes}},
publisher = {CRC Press},
year = {1980},
address = {Boca Raton}
}

@article{Griffith:2007do,
author = {Griffith, Boyce Eugene and Hornung, Richard D and McQueen, David M and Peskin, Charles Samuel},
title = {{An adaptive, formally second order accurate version of the immersed boundary method}},
journal = {Journal of Computational Physics},
year = {2007},
volume = {223},
number = {1},
pages = {10--49},
month = apr
}

@article{Griffith:2011gi,
author = {Griffith, Boyce Eugene},
title = {{Immersed boundary model of aortic heart valve dynamics with physiological driving and loading conditions}},
journal = {International Journal for Numerical Methods in Biomedical Engineering},
year = {2011},
volume = {28},
number = {3},
pages = {317--345},
month = may
}

@article{Sun:2003cr,
author = {Sun, Chenghai and Migliorini, Cristiano and Munn, Lance L},
title = {{Red Blood Cells Initiate Leukocyte Rolling in Postcapillary Expansions: A Lattice Boltzmann Analysis}},
journal = {Biophysical Journal},
year = {2003},
volume = {85},
number = {1},
pages = {208--222},
month = jul
}

@article{Kumar:2012ie,
author = {Kumar, Amit and Graham, Michael D},
title = {{Mechanism of Margination in Confined Flows of Blood and Other Multicomponent Suspensions}},
journal = {Physical Review Letters},
year = {2012},
volume = {109},
number = {10},
pages = {108102},
month = sep
}

@article{Evans:1980jh,
author = {Evans, Evan Anthony},
title = {{Minimum energy analysis of membrane deformation applied to pipet aspiration and surface adhesion of red blood cells}},
journal = {Biophysical Journal},
year = {1980},
volume = {30},
number = {2},
pages = {265--284},
month = may
}

@article{Le:2010im,
author = {Le, Duc-Vinh and Tan, Zhijun},
title = {{Large deformation of liquid capsules enclosed by thin shells immersed in the fluid}},
journal = {Journal of Computational Physics},
year = {2010},
volume = {229},
number = {11},
pages = {4097--4116},
month = jun
}

@article{Reeger:2018bh,
author = {Reeger, Jonah A and Fornberg, Bengt},
title = {{Numerical quadrature over smooth surfaces with boundaries}},
journal = {Journal of Computational Physics},
year = {2018},
volume = {355},
pages = {176--190},
month = feb
}

@article{Reeger:2016bw,
author = {Reeger, Jonah A and Fornberg, Bengt and Watts, M L},
title = {{Numerical quadrature over smooth, closed surfaces}},
journal = {Proceedings of the Royal Society A: Mathematical, Physical and Engineering Sciences},
year = {2016},
volume = {472},
number = {2194},
pages = {20160401--15},
month = oct
}

@article{Skalak:1973tp,
author = {Skalak, Richard and Tozeren, A and Zarda, R P and Chien, Shu},
title = {{Strain Energy Function of Red Blood Cell Membranes}},
journal = {Biophysical Journal},
year = {1973},
volume = {13},
pages = {245--264},
month = mar
}

@article{Wang:2013gs,
author = {Wang, Weiwei and Diacovo, Thomas G and Chen, Jianchun and Freund, Jonathan B and King, Michael R},
title = {{Simulation of Platelet, Thrombus and Erythrocyte Hydrodynamic Interactions in a 3D Arteriole with In Vivo Comparison}},
journal = {PLoS ONE},
year = {2013},
volume = {8},
number = {10},
pages = {e76949},
month = oct
}

@article{Vahidkhah:2015ch,
author = {Vahidkhah, Koohyar and Bagchi, Prosenjit},
title = {{Microparticle shape effects on margination, near-wall dynamics and adhesion in a three-dimensional simulation of red blood cell suspension}},
journal = {Soft Matter},
year = {2015},
volume = {11},
number = {11},
pages = {2097--2109},
month = mar
}

@article{DeweyJr:1981tz,
author = {Dewey Jr, C Forbes and Bussolari, S R and Gimbrone Jr, M A and Davies, Peter F},
title = {{The Dynamic Response of Vascular Endothelial Cells to Fluid Shear Stress}},
journal = {Journal of Biomechanical Engineering},
year = {1981},
volume = {103},
pages = {177--185},
month = aug
}

@article{Zhao:2012ggba,
author = {Zhao, Hong and Shaqfeh, Eric S G and Narsimhan, Vivek},
title = {{Shear-induced particle migration and margination in a cellular suspension}},
journal = {Physics of Fluids},
year = {2012},
volume = {24},
number = {1},
pages = {011902--011921}
}

@article{Fedosov:2013ul,
author = {Fedosov, Dmitry A and Noguchi, Hiroshi and Gompper, Gerhard},
title = {{Multiscale Modeling of Blood Flow: From Single Cells to Blood Rheology}},
journal = {Biomechanics and Modeling in Mechanobiology},
year = {2013},
volume = {13},
number = {2},
pages = {293--312},
month = may
}

@article{Griffith:2009gg,
author = {Griffith, Boyce Eugene},
title = {{An accurate and efficient method for the incompressible Navier{\textendash}Stokes equations using the projection method as a preconditioner}},
journal = {Journal of Computational Physics},
year = {2009},
volume = {228},
number = {20},
pages = {7565--7595},
month = nov
}

@article{Fedosov:2010bc,
author = {Fedosov, Dmitry A and Caswell, Bruce and Karniadakis, George Em},
title = {{A Multiscale Red Blood Cell Model with Accurate Mechanics, Rheology, and Dynamics}},
journal = {Biophysical Journal},
year = {2010},
volume = {98},
number = {10},
pages = {2215--2225},
month = may
}

@article{Layton:2011um,
author = {Layton, Simon K and Krishnan, Anush and Barba, Lorena A},
title = {{cuIBM {\textendash} A GPU-accelerated Immersed Boundary Method }},
journal = {arXiv.org},
year = {2011},
eprint = {1109.3524},
eprinttype = {arxiv},
month = sep
}

@article{Agresar:1998wv,
author = {Agresar, G and Linderman, J J and Tryggvason, G and Powell, K G},
title = {{An adaptive, Cartesian, front-tracking method for the motion, deformation and adhesion of circulating cells}},
journal = {Journal of Computational Physics},
year = {1998},
volume = {143},
pages = {346--380}
}

@article{Evans:1972uf,
author = {Evans, Evan Anthony and Fung, Yuan-Cheng},
title = {{Improved Measurements of Erythrocyte Geometry}},
journal = {Microvascular Research},
year = {1972},
volume = {4},
pages = {335--347}
}

@article{BeyerJr:1990tb,
author = {Beyer Jr, Richard P},
title = {{A Computational Model of the Cochlea Using the Immersed Boundary Method}},
journal = {Journal of Computational Physics},
year = {1990},
volume = {98},
pages = {145--162}
}

@phdthesis{Lee:2020tf,
author = {Lee, Jae Ho},
title = {{Simulating \emph{in vitro} Models of Cardiovascular Fluid-Structure Interaction: Methods, Models, and Applications}},
school = {University of North Carolina},
year = {2020},
address = {Chapel Hill}
}

@article{Wu:2014gt,
author = {Wu, Ziheng and Xu, Zhiliang and Kim, Oleg V and Alber, Mark S},
title = {{Three-dimensional multi-scale model of deformable platelets adhesion to vessel wall in blood flow}},
journal = {Philosophical Transactions of the Royal Society A: Mathematical, Physical and Engineering Sciences},
year = {2014},
volume = {372},
pages = {20130380},
month = aug
}

@book{Wendland:2005wz,
author = {Wendland, Holger},
title = {{Scattered Data Approximation}},
publisher = {Cambridge University Press},
year = {2005}
}

@article{Sutera:2003tn,
author = {Sutera, S P and Seshadri, V and Croce, P A and Hochmuth, R M},
title = {{Capillary Blood Flow}},
journal = {Microvascular Research},
year = {2003},
pages = {1--14},
month = oct
}

@article{Olson:2015ja,
author = {Shankar, Varun and Olson, Sarah D},
title = {{Radial basis function (RBF)-based parametric models for closed and open curves within the method of regularized stokeslets}},
journal = {International Journal for Numerical Methods in Fluids},
year = {2015},
volume = {79},
number = {6},
pages = {269--289},
month = may
}

@article{Guy:2014dw,
author = {Guy, Robert D and Philip, Bobby and Griffith, Boyce Eugene},
title = {{Geometric multigrid for an implicit-time immersed boundary method}},
journal = {Advances in Computational Mathematics},
year = {2014},
volume = {41},
number = {3},
pages = {635--662},
month = oct
}

@article{Griffith:2020hi,
author = {Griffith, Boyce Eugene and Patankar, Neelesh A},
title = {{Immersed Methods for Fluid{\textendash}Structure Interaction}},
journal = {Annual Review of Fluid Mechanics},
year = {2020},
volume = {52},
number = {1},
pages = {421--448}
}

@article{Fogelson:2015fb,
author = {Fogelson, Aaron Lee and Neeves, Keith B},
title = {{Fluid Mechanics of Blood Clot Formation}},
journal = {Annual Review of Fluid Mechanics},
year = {2015},
volume = {47},
number = {1},
pages = {377--403},
month = jan
}

@book{Anonymous:2009wt,
editor = {Parashar, Manish and Li, Xiaolin},
title = {{Advanced Computational Infrastructures for Parallel and Distributed Adaptive Applications}},
publisher = {John Wiley {\&} Sons, Inc.},
year = {2009},
address = {Hoboken, NJ, USA},
month = dec
}

@article{Yazdani:2011cl,
author = {Yazdani, Alireza Z K and Kalluri, R Murthy and Bagchi, Prosenjit},
title = {{Tank-treading and tumbling frequencies of capsules and red blood cells}},
journal = {Physical Review E},
year = {2011},
volume = {83},
number = {4},
pages = {046305},
month = apr
}

@article{Persson:2004gt,
author = {Persson, Per-Olof and Strang, Gilbert},
title = {{A Simple Mesh Generator in MATLAB}},
journal = {SIAM Review},
year = {2004},
volume = {46},
number = {2},
pages = {329--345},
month = jan
}

@article{Chuang:2018ej,
author = {Chuang, Pi-Yueh and Mesnard, Olivier and Krishnan, Anush and Barba, Lorena A},
title = {{PetIBM: toolbox and applications of the immersed-boundary method on distributed-memory architectures}},
journal = {Journal of Open Source Software},
year = {2018},
volume = {3},
number = {25},
pages = {558},
month = may
}

@article{Rangamani:2012hi,
author = {Rangamani, Padmini and Agrawal, Ashutosh and Mandadapu, Kranthi K and Oster, George and Steigmann, David J},
title = {{Interaction between surface shape and intra-surface viscous flow on lipid membranes}},
journal = {Biomechanics and Modeling in Mechanobiology},
year = {2012},
volume = {12},
number = {4},
pages = {833--845},
month = oct
}

@article{Kim:2006ku,
author = {Kim, Yongsam and Peskin, Charles Samuel},
title = {{2-D Parachute Simulation by the Immersed Boundary Method}},
journal = {SIAM Journal on Scientific Computing},
year = {2006},
volume = {28},
number = {6},
pages = {2294--2312},
month = dec
}

@article{Holme:1997uf,
author = {Holme, P{\aa}l A and {\O}rvim, Una and Hamers, Maria J A G and Solum, Nils O and Brosstad, Frank R and Barstad, R Marius and Sakariassen, Kjell S},
title = {{Shear-Induced Platelet Activation and Platelet Microparticle Formation at Blood Flow Conditions as in Arteries With a Severe Stenosis}},
journal = {Atherosclerosis, Thrombosis, and Vascular Biology},
year = {1997},
volume = {17},
number = {4},
pages = {646--653}
}

@article{Fedosov:2012dy,
author = {Fedosov, Dmitry A and Fornleitner, Julia and Gompper, Gerhard},
title = {{Margination of White Blood Cells in Microcapillary Flow}},
journal = {Physical Review Letters},
year = {2012},
volume = {108},
pages = {028104},
month = jan
}

@article{Fedosov:2014bs,
author = {Fedosov, Dmitry A and Gompper, Gerhard},
title = {{White blood cell margination in microcirculation}},
journal = {Soft Matter},
year = {2014},
volume = {10},
pages = {2961--2970}
}

@article{Kassen:2020hj,
author = {Kassen, Andrew Timothy and Shankar, Varun and Fogelson, Aaron Lee},
title = {{A fine-grained parallelization of the immersed boundary method}},
journal = {arXiv.org},
year = {2020},
eprint = {2012.06646v1},
eprinttype = {arxiv},
eprintclass = {cs.DC},
month = dec
}

@article{Erickson:2011cf,
author = {Erickson, Lindsay Crowl and Fogelson, Aaron Lee},
title = {{Analysis of mechanisms for platelet near-wall excess under arterial blood flow conditions}},
journal = {Journal of Fluid Mechanics},
year = {2011},
volume = {676},
pages = {348--375},
month = apr
}

@article{Guy:2015hy,
author = {Guy, Robert D and Philip, Bobby},
title = {{A Multigrid Method for a Model of the Implicit Immersed Boundary Equations}},
journal = {Communications in Computational Physics},
year = {2015},
volume = {12},
number = {2},
pages = {378--400},
month = aug
}

@article{McQueen:1997kw,
author = {McQueen, David M and Peskin, Charles Samuel},
title = {{Shared-Memory Parallel Vector Implementation of the Immersed Boundary Method for the Computation of Blood Flow in the Beating Mammalian Heart}},
journal = {The Journal of Supercomputing},
year = {1997},
volume = {11},
number = {3},
pages = {213--236}
}

@article{Helfrich:1973tdba,
author = {Helfrich, Wolfgang},
title = {{\textbf{Elastic Properties of Lipid Bilayers: Theory and Possible Experiments }}},
journal = {Zeitschrift f{\"u}r Naturforschung C},
year = {1973},
volume = {28},
pages = {693--703}
}

@article{Fai:2013do,
author = {Fai, Thomas G and Griffith, Boyce Eugene and Mori, Yoichiro and Peskin, Charles Samuel},
title = {{Immersed Boundary Method for Variable Viscosity and Variable Density Problems Using Fast Constant-Coefficient Linear Solvers I: Numerical Method and Results}},
journal = {SIAM Journal on Scientific Computing},
year = {2013},
volume = {35},
number = {5},
pages = {B1132--B1161},
month = jan
}

@article{Shankar:2018ur,
author = {Shankar, Varun and Kirby, Robert M and Fogelson, Aaron Lee},
title = {{Robust Node Generation for Meshfree Discretizations on Irregular Domains and Surfaces}},
journal = {SIAM Journal on Scientific Computing},
year = {2018},
volume = {40},
number = {4},
pages = {A2584--A2608},
month = aug
}

@article{Levesque:1986tc,
author = {Levesque, Murina J and Liepsch, Dieter and Moravec, Stafan and Nerem, Robert M},
title = {{Correlation of endothelial cell shape and wall shear stress in a stenosed dog aorta.}},
journal = {Arteriosclerosis, Thrombosis, and Vascular Biology},
year = {1986},
volume = {6},
number = {2},
pages = {220--229},
month = mar
}

@article{Nerem:1985ty,
author = {Levesque, Murina J and Nerem, Robert M},
title = {{The Elongation and Orientation of Cultured Endothelial Cells in Response to Shear Stress}},
journal = {Journal of Biomechanical Engineering},
year = {1985},
volume = {107},
pages = {341--347},
month = nov
}

@article{Bauer:2000km,
author = {Bauer, Robert},
title = {{Distribution of Points on a Sphere with Application to Star Catalogs}},
journal = {Journal of Guidance, Control, and Dynamics},
year = {2000},
volume = {23},
number = {1},
pages = {130--137},
month = jan
}

@article{Skorczewski:2013jn,
author = {Skorczewski, Tyler and Erickson, Lindsay Crowl and Fogelson, Aaron Lee},
title = {{Platelet Motion near a Vessel Wall or Thrombus Surface in Two-Dimensional Whole Blood Simulations}},
journal = {Biophysical Journal},
year = {2013},
volume = {104},
number = {8},
pages = {1764--1772},
month = apr
}

@article{Kumar:2011dd,
author = {Kumar, Amit and Graham, Michael D},
title = {{Segregation by membrane rigidity in flowing binary suspensions of elastic capsules}},
journal = {Physical Review E},
year = {2011},
volume = {84},
number = {6},
pages = {066316},
month = dec
}

@phdthesis{Peskin:1972wa,
author = {Peskin, Charles Samuel},
title = {{Flow patterns around heart valves: a digital computer method for solving the equations of motion}},
school = {Yeshiva University, New York},
year = {1972}
}

@article{Fuselier:2013coba,
author = {Fuselier, Edward J and Hangelbroek, T and Narcowich, Francis Joseph and Ward, Joseph D and Wright, Grady B},
title = {{Kernel based quadrature on spheres and other homogeneous spaces}},
journal = {Numerische Mathematik},
year = {2013},
volume = {127},
number = {1},
pages = {57--92},
month = sep
}

@article{Xu:2013kk,
author = {Xu, Yuan-Qing and Tian, Fang-Bao and Deng, Yu-Lin},
title = {{An Efficient Red Blood Cell Model in the Frame of IB-LBM and Its Application}},
journal = {International Journal of Biomathematics},
year = {2013},
volume = {6},
number = {1},
pages = {1250061}
}

@article{Kruger:2013ji,
author = {Kr{\"u}ger, Timm and Gross, Markus and Raabe, Dierk and Varnik, Fathollah},
title = {{Crossover from tumbling to tank-treading-like motion in dense simulated suspensions of red blood cells}},
journal = {Soft Matter},
year = {2013},
volume = {9},
number = {37},
pages = {9008--9015},
month = jul
}

@article{Li:2014hva,
author = {Li, Xuejin and Peng, Zhangli and Lei, Huan and Dao, Ming and Karniadakis, George Em},
title = {{Probing red blood cell mechanics, rheology and dynamics with a two-component multi-scale model}},
journal = {Philosophical Transactions of the Royal Society A: Mathematical, Physical and Engineering Sciences},
year = {2013},
volume = {372},
pages = {20130389}
}

@article{Dillon:2011cu,
author = {Dillon, Robert and Zhuo, Jingxuan},
title = {{Using the immersed boundary method to model complex fluids-struct interaction in sperm motility}},
journal = {Discrete and Continuous Dynamical Systems Series B},
year = {2011},
volume = {15},
number = {2},
pages = {343--355},
month = mar
}

@article{Vahidkhah:2014hy,
author = {Vahidkhah, Koohyar and Diamond, Scott L and Bagchi, Prosenjit},
title = {{Platelet Dynamics in Three-Dimensional Simulation of Whole Blood}},
journal = {Biophysical Journal},
year = {2014},
volume = {106},
number = {11},
pages = {2529--2540},
month = jun
}

@article{Mesnard:2017te,
author = {Mesnard, Olivier and Barba, Lorena A},
title = {{Reproducible and Replicable Computational Fluid Dynamics}},
journal = {Computing in Science Engineering},
year = {2017},
volume = {19},
number = {4},
pages = {44--55},
month = jul
}

@article{Mohandas:1994tg,
author = {Mohandas, Narla and Evans, Evan Anthony},
title = {{Mechanical Properties of the Red Cell Membrane in Relation to Molecular Structure and Genetic Defects}},
journal = {Annual Review of Fluid Mechanics},
year = {1994},
volume = {23},
pages = {787--818}
}

@article{Canham:1970wx,
author = {Canham, Peter B},
title = {{The minimum energy of bending as a possible explanation of the biconcave shape of the human red blood cell}},
journal = {Journal of Theoretical Biology},
year = {1970},
volume = {26},
number = {1},
pages = {61--81},
month = jan
}

@article{Zhongcan:1989ue,
author = {Zhong-can, Ou-Yang and Helfrich, Wolfgang},
title = {{Bending energy of vesicle membranes: General expressions for the first, second, and third variation of the shape energy and applications to spheres and cylinders}},
journal = {Physical Review A},
year = {1989},
volume = {39},
number = {10},
pages = {5280--5288},
month = may
}

@misc{cuda,
  author={NVIDIA and Vingelmann, Péter and Fitzek, Frank H.P.},
  title={{CUDA}},
  year={2021},
  url={https://developer.nvidia.com/cuda-toolkit},
} 

@misc{intel,
    author={Intel},
    title={Intel {oneAPI}},
    year={2021},
    url={https://software.intel.com/content/www/us/en/develop/tools/oneapi.html},
}

@misc{hypre,
    author={Falgout, Rob and Barker, Andrew and Kolev, Tzanio and Li, Ruipeng and Osborn, Sarah and Osei-Kuffuor, Daniel
            and Paludetto Magri, Victor and Schroder, Jacob and Sjogreen, Bjorn and Vassilevski, Panayot and Meier Yang, Ulrike},
    title={{HYPRE}},
    year={2021},
    url={https://computing.llnl.gov/projects/hypre},
}

@Misc{petsc,
   author = {Satish Balay and Shrirang Abhyankar and Mark~F. Adams and Jed Brown and Peter Brune
             and Kris Buschelman and Lisandro Dalcin and Alp Dener and Victor Eijkhout and William~D. Gropp
             and Dmitry Karpeyev and Dinesh Kaushik and Matthew~G. Knepley and Dave~A. May and Lois Curfman McInnes
             and Richard Tran Mills and Todd Munson and Karl Rupp and Patrick Sanan
             and Barry~F. Smith and Stefano Zampini and Hong Zhang and Hong Zhang},
   title =  {{PETS}c {W}eb page},
   url =    {https://www.mcs.anl.gov/petsc},
   year = {2021}
}

@article{SWJCP2018,
 author = {Shankar, Varun and Wright, Grady B.},
 title = {Mesh-free semi-Lagrangian Methods for Transport on a Sphere Using Radial Basis Functions},
 journal = {J. Comput. Phys.},
 issue_date = {August 2018},
 volume = {366},
 number = {C},
 month = aug,
 year = {2018},
 issn = {0021-9991},
 pages = {170--190},
 numpages = {21},
 publisher = {Academic Press Professional, Inc.},
} 

@Article{FlyerWright:2007,
  author  = {Flyer, N and Wright, G B},
  title   = {Transport Schemes on a Sphere Using Radial Basis Functions},
  journal = {J. Comput. Phys.},
  year    = {2007},
  volume  = {226},
  pages   = {1059--1084},
}

@Article{Gia:2005,
  author  = {Gia, Q T L{\^{e}}},
  title   = {{Approximation of parabolic PDEs on spheres using spherical basis functions}},
  journal = {Adv. Comput. Math.},
  year    = {2005},
  volume  = {22},
  pages   = {377--397},
}

@Article{FlyerWright:2009,
  author  = {Flyer, N and Wright, G B},
  title   = {{A radial basis function method for the shallow water equations on a sphere}},
  journal = {Proc. Roy. Soc. A},
  year    = {2009},
  volume  = {465},
  pages   = {1949--1976},
}

@Article{WFY,
  author  = {Wright, G.~B. and Flyer, N and Yuen, D A},
  title   = {{A hybrid radial basis function-pseudospectral method for thermal convection in a {3-D} spherical shell}},
  journal = {Geochem. Geophys. Geosyst.},
  year    = {2010},
  volume  = {11},
  number  = {7},
  pages   = {Q07003},
}

@article{SFKSISC2018,
  title={Robust node generation for mesh-free discretizations on irregular domains and surfaces},
  author={Shankar, Varun and Kirby, Robert M and Fogelson, Aaron L},
  journal={SIAM Journal on Scientific Computing},
  volume={40},
  number={4},
  pages={A2584--A2608},
  year={2018},
  publisher={SIAM}
}

@inproceedings{Carr:2001tb,
author = {Carr, Jonathan C and Beatson, Rick K and Cherrie, J B and Mitchell, T J and Fright, W R and McCallum, B C and Evans, T R},
title = {{Reconstruction and Representation of 3D Objects with Radial Basis Functions}},
booktitle = {ACM SIGGRAPH },
year = {2001},
pages = {1--10},
month = jun
}

@article{Hardy:1971tb,
author = {Hardy, Rolland L},
title = {{Multiquadric Equations of Topography and Other Irregular Surfaces}},
journal = {Journal of Geophysical Research},
year = {1971},
volume = {76},
number = {8},
pages = {1905--1915},
month = mar
}
